<?xml version="1.0" encoding="UTF-8"?><collection xmlns="http://www.loc.gov/MARC21/slim"><record><leader>00480nam--2200169-i-4500</leader><controlfield tag="001">000035729</controlfield><controlfield tag="002">20161230</controlfield><controlfield tag="005">20170105164258</controlfield><controlfield tag="008">060222s1000------------r-----000-0-eng-d</controlfield><datafield ind1=" " ind2=" " tag="080"><subfield code="a">538.9</subfield></datafield><datafield ind1=" " ind2=" " tag="245"><subfield code="a">Ordering in strongly fluctuating condensed matter systems</subfield></datafield><datafield ind1=" " ind2=" " tag="260"><subfield code="a">New York</subfield><subfield code="b">Plenum Press</subfield><subfield code="c">1980</subfield></datafield><datafield ind1=" " ind2=" " tag="300"><subfield code="a">XV + 474 p</subfield></datafield><datafield ind1=" " ind2=" " tag="490"><subfield code="a">Nato Advanced Study Institutes Series. Series B: Physics</subfield></datafield><datafield ind1=" " ind2=" " tag="700"><subfield code="a">Riste, Tormod</subfield></datafield><datafield ind1=" " ind2=" " tag="852"><subfield code="a">42270</subfield></datafield><datafield ind1=" " ind2=" " tag="CAT"><subfield code="a">SYS</subfield><subfield code="c">20170105</subfield><subfield code="h">164258</subfield></datafield></record></collection>